
% BibTeX Entries
@book{Saiman:2002,
  title                = {Manajemen Sekretaris},
  author               = {Saiman},
  year                 = {2002},
  publisher            = {Ghalia Indonesia},
  isbn                 = {9-794-50431-9},
 }

@book{Laudon:1996,
  title								 = {Management Information Systems New Approach to Organization \& Technology},
  author	 						 = {Laudon, Kenneth C. and Laudon, Jane P.},
  year								 = {1996},
  publisher						 = {Prentince Hall},
	isbn                 = {0-13-906462-1},
}

@book{Turban:2001,
   title =     {Information technology for management: transforming business in the digital economy},
   author =    {Efraim Turban, Ephraim McLean, James Wetherbe},
   year =      {2001},
   publisher = {Wiley},
   isbn =      {0471215333,9780471215332},
}

@misc{Frasson:2009,
  title			= {MAILMERGE: Repeat Amount of Text Merging Fields. LaTeX package version 1.0},
  author		= {Frasson, Miguel VS},
  year			= {2009}
}

@book{Lamport:1994,
   title =     {LaTeX, a document preparation system},
   author =    {Leslie Lamport},
   publisher = {Addison-Wesley Professional},
   isbn =      {9780201529838,0201529831},
   year =      {1994}
}

@book{Susan:1982,
   title =     {Office Automation: An Essential Management Strategy},
   author =    {Susan Curran, Horace Mitchell (auth.)},
   publisher = {Palgrave Macmillan UK},
   isbn =      {978-1-349-05977-5,978-1-349-05975-1},
   year =      {1982}
}